<?xml version="1.0" encoding="UTF-8"?><record xmlns="http://www.loc.gov/MARC21/slim" xmlns:cinclude="http://apache.org/cocoon/include/1.0" xmlns:zs="http://www.loc.gov/zing/srw/">
  <leader>00637nz  a2200169n  4500</leader>
  <controlfield tag="001">n 2011041312</controlfield>
  <controlfield tag="003">DLC</controlfield>
  <controlfield tag="005">20110619074957.0</controlfield>
  <controlfield tag="008">110618n| acannaabn          |b aaa      </controlfield>
  <datafield tag="010" ind1=" " ind2=" ">
    <subfield code="a">n 2011041312</subfield>
  </datafield>
  <datafield tag="040" ind1=" " ind2=" ">
    <subfield code="a">DLC</subfield>
    <subfield code="b">eng</subfield>
    <subfield code="c">DLC</subfield>
  </datafield>
  <datafield tag="100" ind1="1" ind2=" ">
    <subfield code="a">Ḥimshū, Ḥusām ʻAbd Allāh</subfield>
  </datafield>
  <datafield tag="400" ind1="1" ind2=" ">
    <subfield code="a">Ḥamshū, Ḥusām ʻAbd Allāh</subfield>
  </datafield>
  <datafield tag="400" ind1="1" ind2=" ">
    <subfield code="a">Ḥamashū, Ḥusām ʻAbd Allāh</subfield>
  </datafield>
  <datafield tag="400" ind1="1" ind2=" ">
    <subfield code="a">‏حمشو، حسام عبد الله</subfield>
  </datafield>
  <datafield tag="667" ind1=" " ind2=" ">
    <subfield code="a">Non-Latin script reference not evaluated</subfield>
  </datafield>
  <datafield tag="670" ind1=" " ind2=" ">
    <subfield code="a">al-Sīrah al-Nabawīyah min khilāl al-kutub al-sittah, 2008:</subfield>
    <subfield code="b">t.p. (حسام عبد الله حمشو = Ḥusām ʻAbd Allāh Ḥimshū)</subfield>
  </datafield>
</record>